@article{xu2022,
  author = {Xu, X. and Ouyang, Z.},
  title = {AI in STEM Education: A Systematic Review},
  journal = {Journal of Educational Technology},
  year = {2022},
  volume = {14},
  pages = {1--28}
}
@article{zawacki2019,
  author = {Zawacki-Richter, O. and Marín, V. I. and Bond, M. and Gouverneur, F.},
  title = {Systematic review of research on artificial intelligence applications in higher education – where are the educators?},
  journal = {International Journal of Educational Technology in Higher Education},
  year = {2019},
  volume = {16},
  pages = {39}
}
@book{tuomi2018,
  author = {Tuomi, I.},
  title = {The Impact of Artificial Intelligence on Learning, Teaching, and Education},
  year = {2018},
  publisher = {UNESCO}
}
@article{mandelbrot1983,
  author = {Mandelbrot, B. B.},
  title = {The Fractal Geometry of Nature},
  journal = {W. H. Freeman},
  year = {1983}
}
@article{prigogine1997,
  author = {Nicolis, G. and Prigogine, I.},
  title = {Exploring Complexity: An Introduction},
  journal = {W. H. Freeman},
  year = {1997}
}
